<?xml version="1.0" encoding="UTF-8" ?>
<marc:collection xmlns:marc="http://www.loc.gov/MARC21/slim" xmlns:xsi="http://www.w3.org/2001/XMLSchema-instance" xsi:schemaLocation="http://www.loc.gov/MARC21/slim http://www.loc.gov/standards/marcxml...MARC21slim.xsd">
  <!-- BEGIN One Bib, One Rep, One File -->
  <marc:record>
    <marc:leader>02470ctm a2200469 a 4500</marc:leader>
    <marc:controlfield tag="008">240607s2024    xx a     bm   000 0 eng d</marc:controlfield>
    <marc:controlfield tag="001"></marc:controlfield>
    <marc:datafield tag="100" ind1="1" ind2=" ">
      <marc:subfield code="a">McWilliams, Jeremy</marc:subfield>
    </marc:datafield>
    <marc:datafield tag="245" ind1="1" ind2="0">
      <marc:subfield code="a">A pretty good thesis</marc:subfield>
    </marc:datafield>
    <marc:datafield tag="500" ind1="1" ind2="0">
      <marc:subfield code="a">Advisor: Moriah Bostian</marc:subfield>
    </marc:datafield>
    <marc:datafield tag="502" ind1="1" ind2="0">
      <marc:subfield code="b">B.A.</marc:subfield>
      <marc:subfield code="c">Lewis &amp; Clark College</marc:subfield>
      <marc:subfield code="d">1994</marc:subfield>
.     <marc:subfield code="g">Economics</marc:subfield>    </marc:datafield>
    <marc:datafield tag="520" ind1=" " ind2=" ">
      <marc:subfield code="a">Lorem ipsum dolor sit amet, consectetur adipiscing elit, sed do eiusmod tempor incididunt ut labore et dolore magna aliqua. Ut enim ad minim veniam, quis nostrud exercitation ullamco laboris nisi ut aliquip ex ea commodo consequat. Duis aute irure dolor in reprehenderit in voluptate velit esse cillum dolore eu fugiat nulla pariatur. Excepteur sint occaecat cupidatat non proident, sunt in culpa qui officia deserunt mollit anim id est laborum.</marc:subfield>
    </marc:datafield>
    <marc:datafield tag="540" ind1=" " ind2=" ">
      <marc:subfield code="a">CAS access</marc:subfield>
    </marc:datafield>    <marc:datafield tag="655" ind1="0" ind2=" ">
      <marc:subfield code="a">Academic Thesis</marc:subfield>
    </marc:datafield>
    <marc:datafield tag="787" ind1="0" ind2=" ">
      <marc:subfield code="w">81257630980001844</marc:subfield>
    </marc:datafield>
    <marc:datafield tag="856" ind1="1" ind2="2">
      <marc:subfield code="u">mcwilliams-j-economics-1994-0001.pdf</marc:subfield>
      <marc:subfield code="y">View Thesis</marc:subfield>
    </marc:datafield>
  </marc:record>