
  <!-- END One Bib, One Rep, One File -->
  <!-- BEGIN One Bib, One Rep, One File -->
  <marc:record>
    <marc:leader>02470ctm a2200469 a 4500</marc:leader>
    <marc:controlfield tag="008">240607s2024    xx a     bm   000 0 eng d</marc:controlfield>
    <marc:controlfield tag="001"></marc:controlfield>
    <marc:datafield tag="100" ind1="1" ind2=" ">
      <marc:subfield code="a">Digital, Joe</marc:subfield>
    </marc:datafield>
    <marc:datafield tag="245" ind1="1" ind2="0">
      <marc:subfield code="a">All about AI</marc:subfield>
    </marc:datafield>
    <marc:datafield tag="500" ind1="1" ind2="0">
      <marc:subfield code="a">Advisor: Ellen Seljan</marc:subfield>
    </marc:datafield>
    <marc:datafield tag="502" ind1="1" ind2="0">
      <marc:subfield code="b">B.A.</marc:subfield>
      <marc:subfield code="c">Lewis &amp; Clark College</marc:subfield>
      <marc:subfield code="d">2022</marc:subfield>
.     <marc:subfield code="g">Political Science</marc:subfield>    </marc:datafield>
    <marc:datafield tag="520" ind1=" " ind2=" ">
      <marc:subfield code="a">Lorem ipsum dolor sit amet, consectetur adipiscing elit. Nam hendrerit nisi sed sollicitudin pellentesque. Nunc posuere purus rhoncus pulvinar aliquam. Ut aliquet tristique nisl vitae volutpat. Nulla aliquet porttitor venenatis. Donec a dui et dui fringilla consectetur id nec massa. Aliquam erat volutpat. Sed ut dui ut lacus dictum fermentum vel tincidunt neque. Sed sed lacinia lectus. Duis sit amet sodales felis. Duis nunc eros, mattis at dui ac, convallis semper risus. In adipiscing ultrices tellus, in suscipit massa vehicula eu.</marc:subfield>
    </marc:datafield>
    <marc:datafield tag="540" ind1=" " ind2=" ">
      <marc:subfield code="a">Open to the world</marc:subfield>
    </marc:datafield>    <marc:datafield tag="655" ind1="0" ind2=" ">
      <marc:subfield code="a">Academic Thesis</marc:subfield>
    </marc:datafield>
    <marc:datafield tag="787" ind1="0" ind2=" ">
      <marc:subfield code="w">81257630860001844</marc:subfield>
    </marc:datafield>
    <marc:datafield tag="856" ind1="1" ind2="2">
      <marc:subfield code="u">digital-j-politicalscience-2022-0001.pdf</marc:subfield>
      <marc:subfield code="y">View Thesis</marc:subfield>
    </marc:datafield>
  </marc:record>