
  <!-- END One Bib, One Rep, One File -->
  <!-- BEGIN One Bib, One Rep, One File -->
  <marc:record>
    <marc:leader>02470ctm a2200469 a 4500</marc:leader>
    <marc:controlfield tag="008">240607s2024    xx a     bm   000 0 eng d</marc:controlfield>
    <marc:controlfield tag="001"></marc:controlfield>
    <marc:datafield tag="100" ind1="1" ind2=" ">
      <marc:subfield code="a">Bocci, Natalie</marc:subfield>
    </marc:datafield>
    <marc:datafield tag="245" ind1="1" ind2="0">
      <marc:subfield code="a">Coolness quotient associated with marijuana usage in social settings Circa 1996</marc:subfield>
    </marc:datafield>
    <marc:datafield tag="500" ind1="1" ind2="0">
      <marc:subfield code="a">Advisor: Robert Kugler</marc:subfield>
    </marc:datafield>
    <marc:datafield tag="502" ind1="1" ind2="0">
      <marc:subfield code="b">B.A.</marc:subfield>
      <marc:subfield code="c">Lewis &amp; Clark College</marc:subfield>
      <marc:subfield code="d">2008</marc:subfield>
.     <marc:subfield code="g">English</marc:subfield>    </marc:datafield>
    <marc:datafield tag="520" ind1=" " ind2=" ">
      <marc:subfield code="a">test abstract</marc:subfield>
    </marc:datafield>
    <marc:datafield tag="540" ind1=" " ind2=" ">
      <marc:subfield code="a">Open to the world</marc:subfield>
    </marc:datafield>    <marc:datafield tag="655" ind1="0" ind2=" ">
      <marc:subfield code="a">Academic Thesis</marc:subfield>
    </marc:datafield>
    <marc:datafield tag="787" ind1="0" ind2=" ">
      <marc:subfield code="w">81257630970001844</marc:subfield>
    </marc:datafield>
    <marc:datafield tag="856" ind1="1" ind2="2">
      <marc:subfield code="u">bocci-n-english-2008-0001.pdf</marc:subfield>
      <marc:subfield code="y">View Thesis</marc:subfield>
    </marc:datafield>
  </marc:record>