
  <!-- END One Bib, One Rep, One File -->
  <!-- BEGIN One Bib, One Rep, One File -->
  <marc:record>
    <marc:leader>02470ctm a2200469 a 4500</marc:leader>
    <marc:controlfield tag="008">240607s2024    xx a     bm   000 0 eng d</marc:controlfield>
    <marc:controlfield tag="001"></marc:controlfield>
    <marc:datafield tag="100" ind1="1" ind2=" ">
      <marc:subfield code="a">Hirsch, Elaine</marc:subfield>
    </marc:datafield>
    <marc:datafield tag="245" ind1="1" ind2="0">
      <marc:subfield code="a">Library Services for Incarcerated and Formerly Incarcerated Individuals</marc:subfield>
    </marc:datafield>
    <marc:datafield tag="500" ind1="1" ind2="0">
      <marc:subfield code="a">Advisor: Reiko Hillyer</marc:subfield>
    </marc:datafield>
    <marc:datafield tag="502" ind1="1" ind2="0">
      <marc:subfield code="b">B.A.</marc:subfield>
      <marc:subfield code="c">Lewis &amp; Clark College</marc:subfield>
      <marc:subfield code="d">1992</marc:subfield>
.     <marc:subfield code="g">History</marc:subfield>    </marc:datafield>
    <marc:datafield tag="520" ind1=" " ind2=" ">
      <marc:subfield code="a">Does your library prioritize lifelong learning and promoting literacy? If so, then it's time to bring those initiatives to patrons who are incarcerated. Low literacy is linked to incarceration and recidivism while access to higher education has been shown to reduce recidivism by 43%. Even so, in Oregon only 6% of the prison budget is dedicated to education! Libraries can play a crucial role in increasing equity and dismantling mass incarceration by providing Adults and Youths in Custody access to books, information, literacy programs, and by forming community partnerships that remove barriers for those recently released.</marc:subfield>
    </marc:datafield>
    <marc:datafield tag="540" ind1=" " ind2=" ">
      <marc:subfield code="a">CAS access</marc:subfield>
    </marc:datafield>    <marc:datafield tag="655" ind1="0" ind2=" ">
      <marc:subfield code="a">Academic Thesis</marc:subfield>
    </marc:datafield>
    <marc:datafield tag="787" ind1="0" ind2=" ">
      <marc:subfield code="w">81257630920001844</marc:subfield>
    </marc:datafield>
    <marc:datafield tag="856" ind1="1" ind2="2">
      <marc:subfield code="u">hirsch-e-history-1992-0001.pdf</marc:subfield>
      <marc:subfield code="y">View Thesis</marc:subfield>
    </marc:datafield>
  </marc:record>
  <!-- END One Bib, One Rep, One File -->
</marc:collection>